%Viktigt att vara konsekvent och inte ha för många länkar.

@book{UserCenterApproach,
author = {Ingo Wassink and Olga Kulyk and Betsy van Dijk and Gerrit van der Veer and
Paul van der Vet },
title = {STrends in Interactive Visualization},
pages = {175-195},
year = {2009}}

@article{Andrienko,
author = { Gennady   Andrienko  and  Natalia   Andrienko  and  Urska   Demsar  and  Doris   Dransch  and  Jason   Dykes  and  Sara Irina   Fabrikant  and  Mikael   Jern  and  Menno-Jan   Kraak  and  Heidrun   Schumann  and  Christian   Tominski },
title = {Space, Time and Visual Analytics},
journal = {International Journal of Geographical Information Science},
volume = {24},
number = {10},
pages = {1577-1600},
year = {2010}}

@article{CrimeAnalysis,
author = {Robert E Roth and Kevin S Ross and Alan M MachEachren},
title = {User-Centered Design for Interactive Maps: A Case Study in Crime Analysis},
journal = {International Journal of Geo-Information},
volume = {4},
number = {10},
pages = {262-301},
year = {2015}}

@book{VisMaster,
  author    = {Daniel Keim and Jörn Kohlhammer and Geoffrey Ellis and Florian Mansmann}, 
  title     = {Mastering the Information Age
Solving Problems with
Visual Analytics},
  publisher = {Eurographics Association},
  year      = 2010
}

@INPROCEEDINGS{GeoAnalytics, 
author={Jern, M. and Franzen, J.}, 
booktitle={Information Visualization, 2006. IV 2006. Tenth International Conference on}, 
title={"GeoAnalytics" - Exploring Spatio-Temporal and Multivariate Data}, 
year={2006}, 
pages={25-31},
month={July}}

@article{WebEnabled,
author = {Van Ho, Quan and Lundblad, Patrik and Åström, Tobias and Jern, Mikael}, 
title = {A web-enabled visualization toolkit for geovisual analytics},
volume = {11}, 
number = {1}, 
pages = {22-42}, 
year = {2012}, 
journal = {Information Visualization} 
}

@MastersThesis{Lund,
    author     =     {Andreas Kiik},
    title     =     {Cartographic design of
thematic polygons: a
comparison using eyemovement
metrics analysis},
    school     =     {Lund University},
    address     =     {Sweden},
    year     =     {2015},
    }
    
    

@article{webGIS,
author="Boulos, Maged N. Kamel
and Warren, Jeffrey
and Gong, Jianya
and Yue, Peng",
title="Web GIS in practice VIII: HTML5 and the canvas element for interactive online mapping",
journal="International Journal of Health Geographics",
year="2010",
volume="9",
number="1",
pages="1--13"
}

    
@INPROCEEDINGS{clusterJern, 
author={Johansson, J. and Treloar, R. and Jern, M.}, 
booktitle={Information Visualisation, 2004. IV 2004. Proceedings. Eighth International Conference on}, 
title={Integration of unsupervised clustering, interaction and parallel coordinates for the exploration of large multivariate data}, 
year={2004}, 
pages={52-57},
month={July},}

@article{roth2013interactive,
  title={Interactive maps: What we know and what we need to know},
  author={Roth, Robert E},
  journal={Journal of Spatial Information Science},
  volume={2013},
  number={6},
  pages={59--115},
  year={2013}
}

@article{rothFramework,
author = {Robert E Roth},
title = {Cartographic Interaction Primitives: Framework and Synthesis},
journal = {The Cartographic Journal},
volume = {49},
number = {4},
pages = {376-395},
year = {2012},
URL = { 
        http://www.tandfonline.com/doi/abs/10.1179/1743277412Y.0000000019}
}

@article{mapInterface,
author = {Robert E Roth},
title = {Addressing Map Interface Usability},
journal = {Cartographic Perspectives},
number = {60},
pages = {46-66},
year = {2008},
URL = { 
        http://www.cartographicperspectives.org/carto/index.php/journal/article/download/cp60-roth-harrower/292}
}

@article{fiveUsers,
author = {Robert L. Tolliver and David S. Carter and Suzanne E. Chapman and Phillip M. Edwards and Jeanie E. Fisher and Annette L. Haines and Lana E. Krolikowski and Rebecca M. Price},
title = {Website redesign and testing with a usability consultant: lessons learned},
journal = {OCLC Systems \& Services: International digital library perspectives},
volume = {21},
number = {3},
pages = {156-166},
year = {2005}}

@article{modeling,
  title={Modeling a library website redesign process: Developing a user-centered website through usability testing},
  author={Becker, Danielle A and Yannotta, Lauren},
  journal={Information Technology and Libraries (Online)},
  volume={32},
  number={1},
  pages={6},
  year={2013}
 
}


@article{attention,
  title={Attention web designers: You have 50 milliseconds to make a good first impression!},
  author={Lindgaard, Gitte and Fernandes, Gary and Dudek, Cathy and Brown, Judith},
  journal={Behaviour \& information technology},
  volume={25},
  number={2},
  pages={115--126},
  year={2006}
 
}


@article{commerce,
  title={E-commerce: the role of familiarity and trust},
  author={Gefen, David},
  journal={Omega},
  volume={28},
  number={6},
  pages={725--737},
  year={2000}}


@article{HCI,
  title={Design-inclusive UX research: design as a part of doing user experience research},
  author={Vermeeren, Arnold POS and Roto, Virpi and V{\"a}{\"a}n{\"a}nen, Kaisa},
  journal={Behaviour \& Information Technology},
  pages={1--17},
  year={2015}
}

@phdthesis{blekinge,
  title={Usability evaluation of web-based GIS Applications},
  author={Khan, Zulfiqar Ali},
  year={2010},
  school={Blekinge Institute of Technology}
}

@article{eggintoncommon,
  title={Common Usability Issues within Web GIS for Public Information Provision},
  author={Egginton, DJ and Turner, OMJ and Wicks, TC},
  school={Blekinge Institute of Technology},
  year={unknown}
}

@article{zajonc,
  title={Feeling and thinking: Preferences need no inferences.},
  author={Zajonc, Robert B},
  journal={American psychologist},
  volume={35},
  number={2},
  pages={151},
  year={1980},
  publisher={American Psychological Association}
}

@article{hekkert,
  title={The mere exposure effect for consumer products as a consequence of existing familiarity and controlled exposure},
  author={Hekkert, Paul and Thurgood, Clementine and Whitfield, TW Allan},
  journal={Acta psychologica},
  volume={144},
  number={2},
  pages={411--417},
  year={2013},
  publisher={Elsevier}
}


%Misstag?
@inproceedings{EvaluationOfInteractive,
 author = {Lobo, Mar\'{\i}a-Jes\'{u}s and Pietriga, Emmanuel and Appert, Caroline},
 title = {An Evaluation of Interactive Map Comparison Techniques},
 booktitle = {Proceedings of the 33rd Annual ACM Conference on Human Factors in Computing Systems},
 series = {CHI '15},
 year = {2015},
 pages = {3573--3582},
 publisher = {ACM}
} 

@TECHREPORT{EsriReport,
  AUTHOR =        {Dave Peters },
  TITLE =         {System Design Strategies},
  NUMBER =        {C11144-12},
  INSTITUTION =   {Environmental Systems Research Institute, Inc. },
  MONTH =         {August},
  YEAR  =         {2009},
  PAGES =         {252-751},
  URL   =         {http://www.esri.com/library/whitepapers/pdfs/sysdesig.pdf}
}

@TECHREPORT{SSIReport,
  AUTHOR =        {SIS},
  TITLE =         {Geografisk information — Webbkartografi —
Webbkarttjänster med av producenten definierade kartskikt},
  NUMBER =        {TK 570 N0071},
  INSTITUTION =   {Swedish Standards Institute},
  MONTH =         {December},
  YEAR  =         {2015},
URL   =         {http://www.sis.se/PageFiles/12181/Rapport\%200.9\%20Webbkartografi.pdf}
}


@misc{w3JS,
  title = {JavaScript Tutorial},
  YEAR  = {2016},
  howpublished = {\url{http://www.w3schools.com/js/}},
  note = {Accessed: 2016-05-29}
}

@article{avbrott,
  title={Interruption Monitoring in Power Grid},
  author={Engstr{\"o}m, Fredrik and Lindahl, Tind},
  school = {Karlstad Unversity},
  address = {Sweden},
  year={2013}
}